<record><leader>00000cas a22000007a 4500</leader><controlfield tag="001">28310582</controlfield><controlfield tag="008">930622d190u1902okuwr n       0    0eng d</controlfield><datafield ind1=" " ind2=" " tag="010"><subfield code="a">sn 93066034 </subfield></datafield><datafield ind1=" " ind2=" " tag="040"><subfield code="a">OBN</subfield><subfield code="b">eng</subfield><subfield code="c">OBN</subfield><subfield code="d">OCL</subfield><subfield code="d">OCLCQ</subfield></datafield><datafield ind1=" " ind2=" " tag="042"><subfield code="a">msc</subfield></datafield><datafield ind1="0" ind2="0" tag="245"><subfield code="a">Independence courier.</subfield></datafield><datafield ind1=" " ind2=" " tag="260"><subfield code="a">Independence, Custer County, Okla. :</subfield><subfield code="b">E. Veatch</subfield></datafield><datafield ind1=" " ind2=" " tag="300"><subfield code="a">v.</subfield></datafield><datafield ind1=" " ind2=" " tag="310"><subfield code="a">Weekly</subfield></datafield><datafield ind1=" " ind2=" " tag="500"><subfield code="a">Ceased publication in 1902.</subfield></datafield><datafield ind1=" " ind2=" " tag="588"><subfield code="a">Description based on: Vol. 1, no. 15 (Oct. 18, 1900).</subfield></datafield><datafield ind1=" " ind2="4" tag="651"><subfield code="a">Independence (Okla.)</subfield><subfield code="v">Newspapers.</subfield></datafield><datafield ind1=" " ind2="4" tag="651"><subfield code="a">Custer County (Okla.)</subfield><subfield code="v">Newspapers.</subfield></datafield><datafield ind1=" " ind2=" " tag="752"><subfield code="a">United States</subfield><subfield code="b">Oklahoma</subfield><subfield code="c">Custer</subfield><subfield code="d">Independence.</subfield></datafield><datafield ind1="0" ind2="0" tag="785"><subfield code="t">Custer courier</subfield><subfield code="w">(DLC)sn 93066035</subfield><subfield code="w">(OCoLC)28310633</subfield></datafield><datafield ind1="1" ind2=" " tag="029"><subfield code="a">AU@</subfield><subfield code="b">000025883421</subfield></datafield></record>